<collection xmlns="http://www.loc.gov/MARC21/slim">
<record>
  <leader>01977nam0a22003491i 450 </leader>
  <controlfield tag="001">IT\ICCU\CNCE\030073</controlfield>
  <controlfield tag="005">20071211000000.0</controlfield>
  <datafield tag="012" ind1=" " ind2=" ">
    <subfield code="a">e-ri dere rece qusi (C) 1525 (R)</subfield>
    <subfield code="2">fei</subfield>
  </datafield>
  <datafield tag="100" ind1=" " ind2=" ">
    <subfield code="a">19971125d1525        0itac0103    ba</subfield>
  </datafield>
  <datafield tag="101" ind1=" " ind2=" ">
    <subfield code="a">LAT</subfield>
  </datafield>
  <datafield tag="102" ind1=" " ind2=" ">
    <subfield code="a">IT</subfield>
  </datafield>
  <datafield tag="200" ind1="1" ind2=" ">
    <subfield code="a">℗Franciscus Niger ℗De modo epistolandi, vna cum Libano eandem materiam tractante nouiter ex Graeco in Latinum traducto interpraete Pontico Uirunio, nouissime recogniti cuntisque mendis expurgati</subfield>
  </datafield>
  <datafield tag="210" ind1=" " ind2=" ">
    <subfield code="e">Impressum Venetiis</subfield>
    <subfield code="g">per Melchiorem Sessam</subfield>
    <subfield code="h">&amp; Petrum de Rauanis sociis</subfield>
    <subfield code="h">1525 die XXII Maii</subfield>
  </datafield>
  <datafield tag="215" ind1=" " ind2=" ">
    <subfield code="a">\32! c.</subfield>
    <subfield code="c">ill.</subfield>
    <subfield code="d">4ʻ</subfield>
  </datafield>
  <datafield tag="620" ind1=" " ind2=" ">
    <subfield code="a">IT</subfield>
    <subfield code="d">Venezia</subfield>
  </datafield>
  <datafield tag="700" ind1=" " ind2="1">
    <subfield code="a">Negri,</subfield>
    <subfield code="b">Francesco</subfield>
    <subfield code="c"> &lt;ca.1450-1510&gt;</subfield>
    <subfield code="3">IT\ICCU\CNCA\006678</subfield>
  </datafield>
  <datafield tag="702" ind1=" " ind2="0">
    <subfield code="a">Pontico Virunio</subfield>
    <subfield code="3">IT\ICCU\CNCA\009019</subfield>
  </datafield>
  <datafield tag="702" ind1=" " ind2="0">
    <subfield code="a">Libanius</subfield>
    <subfield code="3">IT\ICCU\CNCA\004420</subfield>
  </datafield>
  <datafield tag="712" ind1="0" ind2="0">
    <subfield code="a">Sessa, Melchiorre &lt;1.&gt; &amp; Ravani, Pietro</subfield>
    <subfield code="3">IT\ICCU\CNCT\000373</subfield>
    <subfield code="4">650</subfield>
  </datafield>
  <datafield tag="790" ind1=" " ind2="1">
    <subfield code="a">Niger,</subfield>
    <subfield code="b">Franciscus</subfield>
    <subfield code="c"> &lt;1450?-1510&gt;</subfield>
    <subfield code="3">IT\ICCU\CNCA\017368</subfield>
    <subfield code="z">Negri, Francesco &lt;ca.1450-1510&gt;</subfield>
  </datafield>
  <datafield tag="790" ind1=" " ind2="1">
    <subfield code="a">Negro,</subfield>
    <subfield code="b">Pescennio Francesco</subfield>
    <subfield code="3">IT\ICCU\CNCA\018136</subfield>
    <subfield code="z">Negri, Francesco &lt;ca.1450-1510&gt;</subfield>
  </datafield>
  <datafield tag="790" ind1=" " ind2="1">
    <subfield code="a">Ponticus Virunius,</subfield>
    <subfield code="b">Ludovicus</subfield>
    <subfield code="3">IT\ICCU\CNCA\014924</subfield>
    <subfield code="z">Pontico Virunio</subfield>
  </datafield>
  <datafield tag="790" ind1=" " ind2="0">
    <subfield code="a">Virunio Pontico</subfield>
    <subfield code="3">IT\ICCU\CNCA\015111</subfield>
    <subfield code="z">Pontico Virunio</subfield>
  </datafield>
  <datafield tag="790" ind1=" " ind2="1">
    <subfield code="a">Da_Ponte,</subfield>
    <subfield code="b">Ludovico</subfield>
    <subfield code="3">IT\ICCU\CNCA\015265</subfield>
    <subfield code="z">Pontico Virunio</subfield>
  </datafield>
  <datafield tag="790" ind1=" " ind2="1">
    <subfield code="a">Pontico Virunio,</subfield>
    <subfield code="b">Ludovico</subfield>
    <subfield code="3">IT\ICCU\CNCA\028734</subfield>
    <subfield code="z">Pontico Virunio</subfield>
  </datafield>
  <datafield tag="791" ind1="0" ind2="0">
    <subfield code="a">Sessa, Marchio &amp; Serena, Piero da la</subfield>
    <subfield code="3">IT\ICCU\CNCT\005662</subfield>
    <subfield code="z">Sessa, Melchiorre &lt;1.&gt; &amp; Ravani, Pietro</subfield>
  </datafield>
  <datafield tag="801" ind1=" " ind2="3">
    <subfield code="a">IT</subfield>
    <subfield code="b">ICCU</subfield>
    <subfield code="c">20201114</subfield>
  </datafield>
  <datafield tag="899" ind1=" " ind2=" ">
    <subfield code="a">Biblioteca nazionale centrale. Firenze</subfield>
    <subfield code="1">FI0098</subfield>
    <subfield code="2">CFI CF</subfield>
  </datafield>
  <datafield tag="899" ind1=" " ind2=" ">
    <subfield code="a">Biblioteca nazionale centrale. Roma</subfield>
    <subfield code="1">RM0267</subfield>
    <subfield code="2">BVE CR</subfield>
  </datafield>
  <datafield tag="899" ind1=" " ind2=" ">
    <subfield code="a">Biblioteca statale del Monumento nazionale. Cava dei Tirreni</subfield>
    <subfield code="1">SA0088</subfield>
    <subfield code="2">NAP 95</subfield>
  </datafield>
  <datafield tag="911" ind1=" " ind2=" ">
    <subfield code="a">In fine</subfield>
    <subfield code="9">IT\ICCU\CNCM\000774</subfield>
  </datafield>
  <datafield tag="921" ind1=" " ind2=" ">
    <subfield code="a">IT\ICCU\CNCM\000774</subfield>
    <subfield code="b">Gatto con topo in bocca in cerchio sormontato da corona. Ai lati le iniziali M.S.</subfield>
    <subfield code="c">A79</subfield>
    <subfield code="c">K299</subfield>
    <subfield code="c">Z597</subfield>
    <subfield code="f">GATTO</subfield>
    <subfield code="f">TOPO</subfield>
    <subfield code="f">CORONA</subfield>
    <subfield code="f">MS</subfield>
    <subfield code="g">1517-1542</subfield>
  </datafield>
</record>
</collection>
